@article{Rogozin1973,
    author = "Rogozin, B. A.",
    title = "An Estimate of the Remainder Term in Limit Theorems of Renewal Theory",
    journal = "Theory of Probability and its Applications",
    volume = "XVIII",
    number = "4",
    pages = "662--677",
    year = "1973"
}

@article{Bingham2006,
    author = "N. H. Bingham, Charles M. Goldie, and Edward Omey",
    title = "Regularly Varying Probability Densities",
    journal = "PUBLICATIONS DE Lâ€™INSTITUT MATH\'{E}MATIQUE",
    year = 2006,
    pages = "47--57"
}

@article{Young1998,
  title = {Statistical Properties of Dynamical Systems with Some Hyperbolicity},
  volume = {147},
  ISSN = {0003-486X},
  url = {http://dx.doi.org/10.2307/120960},
  DOI = {10.2307/120960},
  number = {3},
  journal = {The Annals of Mathematics},
  publisher = {JSTOR},
  author = {Young,  Lai-Sang},
  year = {1998},
  month = may,
  pages = {585}
}
